@book{Boyce1977,
abstract = {11th ed.},
author = {Boyce, William and DiPrima, Richard and Braun, Martin},
booktitle = {Am. Math. Mon.},
doi = {10.2307/2321040},
isbn = {9781119377924},
issn = {0002-9890},
number = {8},
pages = {664},
title = {{Elementary Differential Equations and Boundary Value Problems.}},
volume = {84},
year = {1977}
}

@book{Edwards2015,
author = {Edwards, C H and Penney, David E and Calvis, David T},
title = {{Differential Equations and Boundary Value Problems, Fifth Edition}},
year = {2015}
}
